<record><leader>00000cas a22000007a 4500</leader><controlfield tag="001">14148244</controlfield><controlfield tag="008">860826d18871912txuwr ne      0    0eng d</controlfield><datafield ind1=" " ind2=" " tag="010"><subfield code="a">sn 86088654 </subfield></datafield><datafield ind1=" " ind2=" " tag="040"><subfield code="a">PPM</subfield><subfield code="b">eng</subfield><subfield code="c">PPM</subfield><subfield code="d">CRL</subfield><subfield code="d">OCLCQ</subfield><subfield code="d">OCLCF</subfield></datafield><datafield ind1=" " ind2=" " tag="042"><subfield code="a">msc</subfield></datafield><datafield ind1=" " ind2=" " tag="043"><subfield code="a">n-us-tx</subfield></datafield><datafield ind1="0" ind2="4" tag="245"><subfield code="a">The pioneer exponent.</subfield></datafield><datafield ind1=" " ind2=" " tag="260"><subfield code="a">Comanche, Tex. :</subfield><subfield code="b">J.B. Daniel</subfield></datafield><datafield ind1=" " ind2=" " tag="300"><subfield code="a">v. :</subfield><subfield code="b">ill. ;</subfield><subfield code="c">58 cm.</subfield></datafield><datafield ind1=" " ind2=" " tag="310"><subfield code="a">Weekly</subfield></datafield><datafield ind1="1" ind2=" " tag="362"><subfield code="a">Began in 1887; ceased in 1912.</subfield></datafield><datafield ind1=" " ind2=" " tag="580"><subfield code="a">Merged with: Comanche chief, to form: Comanche chief and pioneer exponent.</subfield></datafield><datafield ind1=" " ind2=" " tag="588"><subfield code="a">Description based on: Vol. 1, no. 31 (Apr. 19, 1888).</subfield></datafield><datafield ind1=" " ind2="0" tag="651"><subfield code="a">Comanche (Tex.)</subfield><subfield code="v">Newspapers.</subfield></datafield><datafield ind1=" " ind2="0" tag="651"><subfield code="a">Comanche County (Tex.)</subfield><subfield code="v">Newspapers.</subfield></datafield><datafield ind1=" " ind2="7" tag="655"><subfield code="a">Newspapers.</subfield><subfield code="2">fast</subfield><subfield code="0">(OCoLC)fst01423814</subfield></datafield><datafield ind1=" " ind2="7" tag="651"><subfield code="a">Texas</subfield><subfield code="z">Comanche.</subfield><subfield code="2">fast</subfield><subfield code="0">(OCoLC)fst01247866</subfield></datafield><datafield ind1=" " ind2="7" tag="651"><subfield code="a">Texas</subfield><subfield code="z">Comanche County.</subfield><subfield code="2">fast</subfield><subfield code="0">(OCoLC)fst01214057</subfield></datafield><datafield ind1=" " ind2=" " tag="752"><subfield code="a">United States</subfield><subfield code="b">Texas</subfield><subfield code="c">Comanche</subfield><subfield code="d">Comanche.</subfield></datafield><datafield ind1="1" ind2="7" tag="785"><subfield code="t">Comanche chief</subfield><subfield code="w">(DLC)sn 86089088</subfield><subfield code="w">(OCoLC)14219109</subfield></datafield><datafield ind1="1" ind2="7" tag="785"><subfield code="t">Comanche chief and pioneer exponent</subfield><subfield code="w">(DLC)sn 86088653</subfield><subfield code="w">(OCoLC)14148236</subfield></datafield></record>